@book{CLRS,
author = {Thoams H. Cormen Charles E. Leiserson Ronald L. Rivest Clifford Stein},
title ={Introduction to algorithms},
year ={2009},
publisher ={ MIT press},
ISBN = {978-0-262-03384-8}
}
@misc{mergeWiki,
  title = {Mergesort},
  howpublished = {\url{http://en.wikipedia.org/wiki/Mergesort}},
  note = {Accessed: 07-05-15}
}
@misc{quicksortWiki,
  title = {Quicksort},
  howpublished = {\url{http://en.wikipedia.org/wiki/Quicksort}},
  note = {Accessed: 07-05-15}
}
@book{mahr2005,
  author = {W. Mähr},
  title = {Estimation of the User's Emotional State by Mouse Motions, M.Sc. thesis},
  year = {2005},
  publisher = {Vorarlberg University of Applied Sciences, Austria},
  url = {http://t2i.se/pub/papers/2005-Maehr_et_al-eMotion.pdf},
}

@article{khan2013,
  year={2013},
  issn={2095-2228},
  journal={Frontiers of Computer Science},
  volume={7},
  number={6},
  doi={10.1007/s11704-013-2331-z},
  title={Towards estimating computer users’ mood from interaction behaviour with keyboard and mouse},
  url={http://dx.doi.org/10.1007/s11704-013-2331-z},
  publisher={Springer Berlin Heidelberg},
  keywords={keyboard; mouse; interaction; mood measure; computer users; programming},
  author={Khan, Iftikhar Ahmed and Brinkman, Willem-Paul and Hierons, Robert},
  pages={943-954},
  language={English}
}

@inproceedings{sun2014,
  author = {Sun, David and Paredes, Pablo and Canny, John},
  title = {MouStress: Detecting Stress from Mouse Motion},
  booktitle = {Proceedings of the SIGCHI Conference on Human Factors in Computing Systems},
  series = {CHI '14},
  year = {2014},
  isbn = {978-1-4503-2473-1},
  location = {Toronto, Ontario, Canada},
  pages = {61--70},
  numpages = {10},
  url = {http://doi.acm.org/10.1145/2556288.2557243},
  doi = {10.1145/2556288.2557243},
  acmid = {2557243},
  publisher = {ACM},
  address = {New York, NY, USA},
  keywords = {affective interfaces, mouse interaction, stress modeling},
} 

@MISC{picard1997,
  author = {R. W. Picard},
  title = {Affective Computing},
  year = {1997},
  booktitle = {M.I.T Media Laboratory Perceptual Computing Section Technical Report No. 321}
}

@MISC{scheirer2001,
  author = {Jocelyn Scheirer and Raul Fernandez and Jonathan Klein and Rosalind W. Picard},
  title = {Frustrating the User On Purpose: A Step Toward Building an Affective Computer},
  year = {2001}
}

@inbook{cairns2014,
  title = "The influence of emotion on number entry errors",
  keywords = "Human-Computer Interaction, Computer Graphics and Computer-Aided Design, Software",
  publisher = "ACM",
  author = "Cairns, {Paul Antony} and Pratyush Pandab and Power, {Christopher Douglas}",
  year = "2014",
  doi = "10.1145/2556288.2557065",
  isbn = "978-1-4503-2473-1",
  pages = "2293-2296",
  booktitle = "CHI '14 Proceedings of the SIGCHI Conference on Human Factors in Computing Systems",
}

@article{kim2003,
  title = "Designing emotionally evocative homepages: an empirical study of the quantitative relations between design factors and emotional dimensions ",
  journal = "International Journal of Human-Computer Studies ",
  volume = "59",
  number = "6",
  pages = "899 - 940",
  year = "2003",
  note = "",
  issn = "1071-5819",
  doi = "http://dx.doi.org/10.1016/j.ijhcs.2003.06.002",
  author = "Jinwoo Kim and Jooeun Lee and Dongseong Choi"
}

@book{norman2004,
  title={Emotional Design: Why We Love (or Hate) Everyday Things},
  author={Norman, D.A.},
  isbn={9780465051359},
  lccn={2003010123},
  url={http://books.google.dk/books?id=z2jvRlqhdlwC},
  year={2004},
  publisher={Basic Books}
}
